<?xml version="1.0" encoding="UTF-8"?><collection xmlns="http://www.loc.gov/MARC21/slim"><record><leader>00347nam--2200121-i-4500</leader><controlfield tag="001">000039209</controlfield><controlfield tag="002">20161230</controlfield><controlfield tag="005">20161230201042</controlfield><controlfield tag="008">060222s1000------------r-----000-0-eng-d</controlfield><datafield ind1=" " ind2=" " tag="100"><subfield code="a">Robertson, A.J.R., S.A</subfield></datafield><datafield ind1=" " ind2=" " tag="245"><subfield code="a">Laboratory glass-working for scientists</subfield></datafield><datafield ind1=" " ind2=" " tag="260"><subfield code="a">London, Butterworths Scientific Publ., 1957, Xiv + 184p., 85 Fig</subfield></datafield><datafield ind1=" " ind2=" " tag="852"><subfield code="a">14762</subfield></datafield></record></collection>